%
% $Id: CSEDSMI.bib 20 2013-01-22 05:45:35Z nicb $
%
@book{steiglitz:adspp,
	author = {Steiglitz, Kenneth},
	title = {A digital signal processing primer},
	publisher = {Addison--Wesley},
	address = {Menlo Park, California},
	year = {1996},
	isbn = {0--8053-1685-1},
}

@book{steiglitz1974,
  title={An introduction to discrete systems},
  author={Steiglitz, K.},
  isbn={9780471820970},
  lccn={73006820},
  url={http://books.google.it/books?id=tydTAAAAMAAJ},
  year={1974},
  publisher={Wiley}
}

@book{t1987digital,
  title={Digital filter design},
  author={T. W. Parks and Burrus, C.S.},
  isbn={9780471828969},
  lccn={86032500},
  series={Topics in digital signal processing},
  url={http://books.google.it/books?id=ux9TAAAAMAAJ},
  year={1987},
  publisher={Wiley}
}

@book{park2010,
  title={Introduction To Digital Signal Processing: Computer Musically Speaking},
  author={Park, T.H.},
  isbn={9789812790279},
  lccn={2010277951},
  url={http://books.google.it/books?id=5LUuUglM5b8C},
  year={2010},
  publisher={World Scientific}
}

@book{shenoi2005,
  title={Introduction to Digital Signal Processing and Filter Design},
  author={Shenoi, B.A.},
  isbn={9780471656388},
  url={http://books.google.it/books?id=37g8oUqaS\_AC},
  year={2005},
  publisher={Wiley}
}
